
<slim:record type="Authority" xmlns:slim="http://www.loc.gov/MARC21/slim">    <slim:leader>00384nz  a2200145o  4500</slim:leader>    <slim:controlfield tag="001">1094166111</slim:controlfield>    <slim:controlfield tag="003">DE-101</slim:controlfield>    <slim:controlfield tag="005">20160326030812.0</slim:controlfield>    <slim:controlfield tag="008">160326n||aznnnabbn           | aba    |c</slim:controlfield>    <slim:datafield tag="024" ind1="7" ind2=" ">      <slim:subfield code="a">http://d-nb.info/gnd/1094166111</slim:subfield>      <slim:subfield code="2">uri</slim:subfield>    </slim:datafield>    <slim:datafield tag="035" ind1=" " ind2=" ">      <slim:subfield code="a">(DE-101)1094166111</slim:subfield>    </slim:datafield>    <slim:datafield tag="035" ind1=" " ind2=" ">      <slim:subfield code="a">(DE-588)1094166111</slim:subfield>    </slim:datafield>    <slim:datafield tag="040" ind1=" " ind2=" ">      <slim:subfield code="a">DE-101</slim:subfield>      <slim:subfield code="9">r:DE-101</slim:subfield>      <slim:subfield code="b">ger</slim:subfield>      <slim:subfield code="d">9999</slim:subfield>    </slim:datafield>    <slim:datafield tag="079" ind1=" " ind2=" ">      <slim:subfield code="a">g</slim:subfield>      <slim:subfield code="b">n</slim:subfield>      <slim:subfield code="c">7</slim:subfield>      <slim:subfield code="q">f</slim:subfield>      <slim:subfield code="u">v</slim:subfield>    </slim:datafield>    <slim:datafield tag="100" ind1="1" ind2=" ">      <slim:subfield code="a">Cataudella, Stefania</slim:subfield>    </slim:datafield>  </slim:record>