
    <slim:record type="Authority" xmlns:slim="http://www.loc.gov/MARC21/slim">    <slim:leader>00994nz  a2200241n  4500</slim:leader>    <slim:controlfield tag="001">000003646</slim:controlfield>    <slim:controlfield tag="003">DE-101</slim:controlfield>    <slim:controlfield tag="005">20100424123157.0</slim:controlfield>    <slim:controlfield tag="008">890418n||aznnnabbn           | ana    |c</slim:controlfield>    <slim:datafield tag="024" ind1="7" ind2=" ">      <slim:subfield code="a">http://d-nb.info/gnd/364-5</slim:subfield>      <slim:subfield code="2">uri</slim:subfield>    </slim:datafield>    <slim:datafield tag="035" ind1=" " ind2=" ">      <slim:subfield code="a">(DE-101)000003646</slim:subfield>    </slim:datafield>    <slim:datafield tag="035" ind1=" " ind2=" ">      <slim:subfield code="a">(DE-588)364-5</slim:subfield>    </slim:datafield>    <slim:datafield tag="035" ind1=" " ind2=" ">      <slim:subfield code="z">(DE-588b)364-5</slim:subfield>      <slim:subfield code="9">v:zg</slim:subfield>    </slim:datafield>    <slim:datafield tag="040" ind1=" " ind2=" ">      <slim:subfield code="a">DE-1</slim:subfield>      <slim:subfield code="9">r:DE-1</slim:subfield>      <slim:subfield code="b">ger</slim:subfield>      <slim:subfield code="d">9999</slim:subfield>      <slim:subfield code="e">rakwb</slim:subfield>      <slim:subfield code="f">rswk</slim:subfield>    </slim:datafield>    <slim:datafield tag="043" ind1=" " ind2=" ">      <slim:subfield code="c">XD-US</slim:subfield>    </slim:datafield>    <slim:datafield tag="079" ind1=" " ind2=" ">      <slim:subfield code="a">g</slim:subfield>      <slim:subfield code="b">b</slim:subfield>      <slim:subfield code="c">1</slim:subfield>      <slim:subfield code="q">f</slim:subfield>      <slim:subfield code="u">z</slim:subfield>    </slim:datafield>    <slim:datafield tag="110" ind1="2" ind2=" ">      <slim:subfield code="a">Academy of Religion and Mental Health</slim:subfield>      <slim:subfield code="9">g:New York, NY</slim:subfield>    </slim:datafield>    <slim:datafield tag="410" ind1="2" ind2=" ">      <slim:subfield code="a">Académie de Religion et de Santé Mentale</slim:subfield>      <slim:subfield code="9">g:New York, NY</slim:subfield>    </slim:datafield>    <slim:datafield tag="410" ind1="2" ind2=" ">      <slim:subfield code="a">National Academy of Religion and Mental Health</slim:subfield>      <slim:subfield code="9">g:New York, NY</slim:subfield>    </slim:datafield>    <slim:datafield tag="510" ind1="2" ind2=" ">      <slim:subfield code="0">(DE-101)000187305</slim:subfield>      <slim:subfield code="0">(DE-588)18730-6</slim:subfield>      <slim:subfield code="a">Institutes of Religion and Health</slim:subfield>      <slim:subfield code="9">g:New York, NY</slim:subfield>      <slim:subfield code="9">4:nach</slim:subfield>      <slim:subfield code="w">r</slim:subfield>      <slim:subfield code="i">Nachfolger</slim:subfield>      <slim:subfield code="e">Nachfolger</slim:subfield>    </slim:datafield>    <slim:datafield tag="548" ind1=" " ind2=" ">      <slim:subfield code="a">1954-1972</slim:subfield>      <slim:subfield code="9">4:datb</slim:subfield>      <slim:subfield code="w">r</slim:subfield>      <slim:subfield code="i">Zeitraum</slim:subfield>    </slim:datafield>    <slim:datafield tag="551" ind1=" " ind2=" ">      <slim:subfield code="0">(DE-101)040420116</slim:subfield>      <slim:subfield code="0">(DE-588)4042011-5</slim:subfield>      <slim:subfield code="a">New York, NY</slim:subfield>      <slim:subfield code="9">4:orta</slim:subfield>      <slim:subfield code="w">r</slim:subfield>      <slim:subfield code="i">Ort</slim:subfield>      <slim:subfield code="9">X:1</slim:subfield>    </slim:datafield>    <slim:datafield tag="913" ind1=" " ind2=" ">      <slim:subfield code="S">gkd</slim:subfield>      <slim:subfield code="i">a</slim:subfield>      <slim:subfield code="a">Academy of Religion and Mental Health &lt;New York, NY&gt;</slim:subfield>      <slim:subfield code="0">(DE-588b)364-5</slim:subfield>    </slim:datafield>  </slim:record>