
    <slim:record type="Authority" xmlns:slim="http://www.loc.gov/MARC21/slim">    <slim:leader>01048nz  a2200265n  4500</slim:leader>    <slim:controlfield tag="001">043255108</slim:controlfield>    <slim:controlfield tag="003">DE-101</slim:controlfield>    <slim:controlfield tag="005">20140527142313.0</slim:controlfield>    <slim:controlfield tag="008">931022n||azznnaabn           | ana    |c</slim:controlfield>    <slim:datafield tag="024" ind1="7" ind2=" ">      <slim:subfield code="a">http://d-nb.info/gnd/4325510-3</slim:subfield>      <slim:subfield code="2">uri</slim:subfield>    </slim:datafield>    <slim:datafield tag="034" ind1=" " ind2=" ">      <slim:subfield code="d">E 014 06 51</slim:subfield>      <slim:subfield code="e">E 014 06 51</slim:subfield>      <slim:subfield code="f">N 048 16 50</slim:subfield>      <slim:subfield code="g">N 048 16 50</slim:subfield>      <slim:subfield code="2">geonames</slim:subfield>      <slim:subfield code="0">(uri)http://sws.geonames.org/2776792</slim:subfield>      <slim:subfield code="9">A:agx</slim:subfield>    </slim:datafield>    <slim:datafield tag="034" ind1=" " ind2=" ">      <slim:subfield code="d">E014.114259</slim:subfield>      <slim:subfield code="e">E014.114259</slim:subfield>      <slim:subfield code="f">N048.280790</slim:subfield>      <slim:subfield code="g">N048.280790</slim:subfield>      <slim:subfield code="2">geonames</slim:subfield>      <slim:subfield code="0">(uri)http://sws.geonames.org/2776792</slim:subfield>      <slim:subfield code="9">A:dgx</slim:subfield>    </slim:datafield>    <slim:datafield tag="035" ind1=" " ind2=" ">      <slim:subfield code="a">(DE-101)043255108</slim:subfield>    </slim:datafield>    <slim:datafield tag="035" ind1=" " ind2=" ">      <slim:subfield code="a">(DE-588)4325510-3</slim:subfield>    </slim:datafield>    <slim:datafield tag="035" ind1=" " ind2=" ">      <slim:subfield code="z">(DE-588c)4325510-3</slim:subfield>      <slim:subfield code="9">v:zg</slim:subfield>    </slim:datafield>    <slim:datafield tag="040" ind1=" " ind2=" ">      <slim:subfield code="a">DE-101</slim:subfield>      <slim:subfield code="9">r:DE-101</slim:subfield>      <slim:subfield code="b">ger</slim:subfield>      <slim:subfield code="d">1403</slim:subfield>      <slim:subfield code="e">rakwb</slim:subfield>      <slim:subfield code="f">rswk</slim:subfield>    </slim:datafield>    <slim:datafield tag="043" ind1=" " ind2=" ">      <slim:subfield code="c">XA-AT-4</slim:subfield>    </slim:datafield>    <slim:datafield tag="079" ind1=" " ind2=" ">      <slim:subfield code="a">g</slim:subfield>      <slim:subfield code="b">g</slim:subfield>      <slim:subfield code="c">1</slim:subfield>      <slim:subfield code="q">s</slim:subfield>      <slim:subfield code="v">gik</slim:subfield>    </slim:datafield>    <slim:datafield tag="083" ind1="0" ind2="4">      <slim:subfield code="z">2</slim:subfield>      <slim:subfield code="a">436278</slim:subfield>      <slim:subfield code="9">t:2007-01-01</slim:subfield>      <slim:subfield code="2">22/ger</slim:subfield>    </slim:datafield>    <slim:datafield tag="151" ind1=" " ind2=" ">      <slim:subfield code="a">Alkoven-Hartheim</slim:subfield>    </slim:datafield>    <slim:datafield tag="451" ind1=" " ind2=" ">      <slim:subfield code="a">Hartheim</slim:subfield>      <slim:subfield code="9">g:Alkoven-Hartheim</slim:subfield>    </slim:datafield>    <slim:datafield tag="551" ind1=" " ind2=" ">      <slim:subfield code="0">(DE-101)963261614</slim:subfield>      <slim:subfield code="0">(DE-588)10031103-9</slim:subfield>      <slim:subfield code="a">Hartheim</slim:subfield>      <slim:subfield code="9">g:Linz</slim:subfield>      <slim:subfield code="9">4:vorg</slim:subfield>      <slim:subfield code="w">r</slim:subfield>      <slim:subfield code="i">Vorgaenger</slim:subfield>    </slim:datafield>    <slim:datafield tag="670" ind1=" " ind2=" ">      <slim:subfield code="a">Ortschaften Österr., ÖAmtskal</slim:subfield>    </slim:datafield>    <slim:datafield tag="679" ind1=" " ind2=" ">      <slim:subfield code="a">Gleichnamige Katastralgemeinde</slim:subfield>    </slim:datafield>    <slim:datafield tag="913" ind1=" " ind2=" ">      <slim:subfield code="S">swd</slim:subfield>      <slim:subfield code="i">g</slim:subfield>      <slim:subfield code="a">Hartheim &lt;Alkoven></slim:subfield>      <slim:subfield code="0">(DE-588c)4325510-3</slim:subfield>    </slim:datafield>  </slim:record>