
    <slim:record type="Authority" xmlns:slim="http://www.loc.gov/MARC21/slim">    <slim:leader>00743nz  a2200241n  4500</slim:leader>    <slim:controlfield tag="001">1095578448</slim:controlfield>    <slim:controlfield tag="003">DE-101</slim:controlfield>    <slim:controlfield tag="005">20160406054725.0</slim:controlfield>    <slim:controlfield tag="008">160405n||azznnbabn           | ana    |c</slim:controlfield>    <slim:datafield tag="024" ind1="7" ind2=" ">      <slim:subfield code="a">http://d-nb.info/gnd/1095578448</slim:subfield>      <slim:subfield code="2">uri</slim:subfield>    </slim:datafield>    <slim:datafield tag="035" ind1=" " ind2=" ">      <slim:subfield code="a">(DE-101)1095578448</slim:subfield>    </slim:datafield>    <slim:datafield tag="035" ind1=" " ind2=" ">      <slim:subfield code="a">(DE-588)1095578448</slim:subfield>    </slim:datafield>    <slim:datafield tag="040" ind1=" " ind2=" ">      <slim:subfield code="a">DE-101</slim:subfield>      <slim:subfield code="9">r:DE-101</slim:subfield>      <slim:subfield code="b">ger</slim:subfield>      <slim:subfield code="d">9999</slim:subfield>      <slim:subfield code="f">rswk</slim:subfield>    </slim:datafield>    <slim:datafield tag="065" ind1=" " ind2=" ">      <slim:subfield code="a">3.1</slim:subfield>      <slim:subfield code="2">sswd</slim:subfield>    </slim:datafield>    <slim:datafield tag="065" ind1=" " ind2=" ">      <slim:subfield code="a">14.1</slim:subfield>      <slim:subfield code="2">sswd</slim:subfield>    </slim:datafield>    <slim:datafield tag="079" ind1=" " ind2=" ">      <slim:subfield code="a">g</slim:subfield>      <slim:subfield code="b">s</slim:subfield>      <slim:subfield code="c">1</slim:subfield>      <slim:subfield code="q">s</slim:subfield>      <slim:subfield code="u">w</slim:subfield>      <slim:subfield code="v">saz</slim:subfield>    </slim:datafield>    <slim:datafield tag="083" ind1="0" ind2="4">      <slim:subfield code="a">781.77</slim:subfield>      <slim:subfield code="9">d:2</slim:subfield>      <slim:subfield code="9">t:2016-04-05</slim:subfield>      <slim:subfield code="2">22/ger</slim:subfield>    </slim:datafield>    <slim:datafield tag="150" ind1=" " ind2=" ">      <slim:subfield code="a">Naschid</slim:subfield>    </slim:datafield>    <slim:datafield tag="450" ind1=" " ind2=" ">      <slim:subfield code="a">našīd</slim:subfield>    </slim:datafield>    <slim:datafield tag="450" ind1=" " ind2=" ">      <slim:subfield code="a">anāšīd</slim:subfield>    </slim:datafield>    <slim:datafield tag="550" ind1=" " ind2=" ">      <slim:subfield code="0">(DE-101)040204707</slim:subfield>      <slim:subfield code="0">(DE-588)4020470-4</slim:subfield>      <slim:subfield code="0">(uri)http://d-nb.info/gnd/4020470-4</slim:subfield>      <slim:subfield code="a">Gesang</slim:subfield>      <slim:subfield code="9">4:obge</slim:subfield>      <slim:subfield code="w">r</slim:subfield>      <slim:subfield code="i">Oberbegriff generisch</slim:subfield>    </slim:datafield>    <slim:datafield tag="670" ind1=" " ind2=" ">      <slim:subfield code="a">Wikipedia</slim:subfield>    </slim:datafield>    <slim:datafield tag="679" ind1=" " ind2=" ">      <slim:subfield code="a">Islamische religiöse Musik</slim:subfield>    </slim:datafield>  </slim:record>