
    <slim:record type="Authority" xmlns:slim="http://www.loc.gov/MARC21/slim">    <slim:leader>00622nz  a2200181n  4500</slim:leader>    <slim:controlfield tag="001">1096259109</slim:controlfield>    <slim:controlfield tag="003">DE-101</slim:controlfield>    <slim:controlfield tag="005">20160412180616.0</slim:controlfield>    <slim:controlfield tag="008">160412n||azznnaabn           | ana    |c</slim:controlfield>    <slim:datafield tag="024" ind1="7" ind2=" ">      <slim:subfield code="a">http://d-nb.info/gnd/1096259109</slim:subfield>      <slim:subfield code="2">uri</slim:subfield>    </slim:datafield>    <slim:datafield tag="035" ind1=" " ind2=" ">      <slim:subfield code="a">(DE-101)1096259109</slim:subfield>    </slim:datafield>    <slim:datafield tag="035" ind1=" " ind2=" ">      <slim:subfield code="a">(DE-588)1096259109</slim:subfield>    </slim:datafield>    <slim:datafield tag="040" ind1=" " ind2=" ">      <slim:subfield code="a">DE-21</slim:subfield>      <slim:subfield code="9">r:DE-576</slim:subfield>      <slim:subfield code="b">ger</slim:subfield>      <slim:subfield code="d">0021</slim:subfield>      <slim:subfield code="e">rda</slim:subfield>    </slim:datafield>    <slim:datafield tag="065" ind1=" " ind2=" ">      <slim:subfield code="a">3.2ba</slim:subfield>      <slim:subfield code="2">sswd</slim:subfield>    </slim:datafield>    <slim:datafield tag="079" ind1=" " ind2=" ">      <slim:subfield code="a">g</slim:subfield>      <slim:subfield code="b">u</slim:subfield>      <slim:subfield code="c">1</slim:subfield>      <slim:subfield code="q">s</slim:subfield>      <slim:subfield code="v">wit</slim:subfield>    </slim:datafield>    <slim:datafield tag="130" ind1=" " ind2="0">      <slim:subfield code="a">Bibel</slim:subfield>      <slim:subfield code="p">Matthäusevangelium</slim:subfield>      <slim:subfield code="n">4,23</slim:subfield>    </slim:datafield>    <slim:datafield tag="530" ind1=" " ind2="0">      <slim:subfield code="0">(DE-101)040380017</slim:subfield>      <slim:subfield code="0">(DE-588)4038001-4</slim:subfield>      <slim:subfield code="0">(uri)http://d-nb.info/gnd/4038001-4</slim:subfield>      <slim:subfield code="a">Bibel</slim:subfield>      <slim:subfield code="p">Matthäusevangelium</slim:subfield>      <slim:subfield code="9">4:obpa</slim:subfield>      <slim:subfield code="w">r</slim:subfield>      <slim:subfield code="i">Oberbegriff partitiv</slim:subfield>      <slim:subfield code="9">v:Enthalten in</slim:subfield>    </slim:datafield>    <slim:datafield tag="670" ind1=" " ind2=" ">      <slim:subfield code="a">analog</slim:subfield>    </slim:datafield>  </slim:record>