
    <slim:record type="Authority" xmlns:slim="http://www.loc.gov/MARC21/slim">    <slim:leader>00905nz  a2200205o  4500</slim:leader>    <slim:controlfield tag="001">1099729432</slim:controlfield>    <slim:controlfield tag="003">DE-101</slim:controlfield>    <slim:controlfield tag="005">20160506114048.0</slim:controlfield>    <slim:controlfield tag="008">160506n||aznnnaabn           | ana    |c</slim:controlfield>    <slim:datafield tag="024" ind1="7" ind2=" ">      <slim:subfield code="a">http://d-nb.info/gnd/1099729432</slim:subfield>      <slim:subfield code="2">uri</slim:subfield>    </slim:datafield>    <slim:datafield tag="035" ind1=" " ind2=" ">      <slim:subfield code="a">(DE-101)1099729432</slim:subfield>    </slim:datafield>    <slim:datafield tag="035" ind1=" " ind2=" ">      <slim:subfield code="a">(DE-588)1099729432</slim:subfield>    </slim:datafield>    <slim:datafield tag="040" ind1=" " ind2=" ">      <slim:subfield code="a">DE-F42</slim:subfield>      <slim:subfield code="9">r:DE-1</slim:subfield>      <slim:subfield code="b">ger</slim:subfield>      <slim:subfield code="d">3030</slim:subfield>      <slim:subfield code="e">rda</slim:subfield>    </slim:datafield>    <slim:datafield tag="043" ind1=" " ind2=" ">      <slim:subfield code="c">XD-US</slim:subfield>    </slim:datafield>    <slim:datafield tag="079" ind1=" " ind2=" ">      <slim:subfield code="a">g</slim:subfield>      <slim:subfield code="b">f</slim:subfield>      <slim:subfield code="c">3</slim:subfield>      <slim:subfield code="q">f</slim:subfield>      <slim:subfield code="v">vie</slim:subfield>    </slim:datafield>    <slim:datafield tag="111" ind1="2" ind2=" ">      <slim:subfield code="a">Christian-Muslim Colloquium</slim:subfield>      <slim:subfield code="n">4.</slim:subfield>      <slim:subfield code="d">1988</slim:subfield>      <slim:subfield code="c">New Windsor, Md.</slim:subfield>    </slim:datafield>    <slim:datafield tag="411" ind1="2" ind2=" ">      <slim:subfield code="a">Christian Muslim Colloquium</slim:subfield>      <slim:subfield code="n">4.</slim:subfield>      <slim:subfield code="d">1988</slim:subfield>      <slim:subfield code="c">New Windsor, Md.</slim:subfield>    </slim:datafield>    <slim:datafield tag="510" ind1="2" ind2=" ">      <slim:subfield code="0">(DE-101)007430671</slim:subfield>      <slim:subfield code="0">(DE-588)2094172-9</slim:subfield>      <slim:subfield code="0">(uri)http://d-nb.info/gnd/2094172-9</slim:subfield>      <slim:subfield code="a">World Council of Churches</slim:subfield>      <slim:subfield code="b">Dialogue with People of Living Faiths</slim:subfield>      <slim:subfield code="9">4:vera</slim:subfield>      <slim:subfield code="w">r</slim:subfield>      <slim:subfield code="i">Veranstalter</slim:subfield>      <slim:subfield code="e">Veranstalter</slim:subfield>    </slim:datafield>    <slim:datafield tag="548" ind1=" " ind2=" ">      <slim:subfield code="a">1988-</slim:subfield>      <slim:subfield code="9">4:datv</slim:subfield>      <slim:subfield code="w">r</slim:subfield>      <slim:subfield code="i">Veranstaltungsdaten</slim:subfield>    </slim:datafield>    <slim:datafield tag="551" ind1=" " ind2=" ">      <slim:subfield code="0">(DE-101)941390837</slim:subfield>      <slim:subfield code="0">(DE-588)4342323-1</slim:subfield>      <slim:subfield code="0">(uri)http://d-nb.info/gnd/4342323-1</slim:subfield>      <slim:subfield code="a">New Windsor, Md.</slim:subfield>      <slim:subfield code="9">4:ortv</slim:subfield>      <slim:subfield code="w">r</slim:subfield>      <slim:subfield code="i">Veranstaltungsort</slim:subfield>    </slim:datafield>  </slim:record>