
    <slim:record type="Authority" xmlns:slim="http://www.loc.gov/MARC21/slim">    <slim:leader>01190nz  a2200325n  4500</slim:leader>    <slim:controlfield tag="001">131395157</slim:controlfield>    <slim:controlfield tag="003">DE-101</slim:controlfield>    <slim:controlfield tag="005">20080610134025.0</slim:controlfield>    <slim:controlfield tag="008">060301n||aznnnabbn           | aaa    |c</slim:controlfield>    <slim:datafield tag="024" ind1="7" ind2=" ">      <slim:subfield code="a">http://d-nb.info/gnd/131395157</slim:subfield>      <slim:subfield code="2">uri</slim:subfield>    </slim:datafield>    <slim:datafield tag="035" ind1=" " ind2=" ">      <slim:subfield code="a">(DE-101)131395157</slim:subfield>    </slim:datafield>    <slim:datafield tag="035" ind1=" " ind2=" ">      <slim:subfield code="a">(DE-588)131395157</slim:subfield>    </slim:datafield>    <slim:datafield tag="035" ind1=" " ind2=" ">      <slim:subfield code="z">(DE-588a)131395157</slim:subfield>      <slim:subfield code="9">v:zg</slim:subfield>    </slim:datafield>    <slim:datafield tag="035" ind1=" " ind2=" ">      <slim:subfield code="z">(DE-588a)135372089</slim:subfield>    </slim:datafield>    <slim:datafield tag="035" ind1=" " ind2=" ">      <slim:subfield code="z">(DE-101c)311062083</slim:subfield>    </slim:datafield>    <slim:datafield tag="040" ind1=" " ind2=" ">      <slim:subfield code="a">DE-12</slim:subfield>      <slim:subfield code="9">r:DE-12</slim:subfield>      <slim:subfield code="b">ger</slim:subfield>      <slim:subfield code="d">9999</slim:subfield>      <slim:subfield code="e">rakwb</slim:subfield>      <slim:subfield code="f">rswk</slim:subfield>    </slim:datafield>    <slim:datafield tag="043" ind1=" " ind2=" ">      <slim:subfield code="c">XA-BG</slim:subfield>    </slim:datafield>    <slim:datafield tag="079" ind1=" " ind2=" ">      <slim:subfield code="a">g</slim:subfield>      <slim:subfield code="b">p</slim:subfield>      <slim:subfield code="c">1</slim:subfield>      <slim:subfield code="q">f</slim:subfield>      <slim:subfield code="q">e</slim:subfield>      <slim:subfield code="q">m</slim:subfield>      <slim:subfield code="u">m</slim:subfield>      <slim:subfield code="v">piz</slim:subfield>    </slim:datafield>    <slim:datafield tag="100" ind1="1" ind2=" ">      <slim:subfield code="a">Dilčeva, Kremena</slim:subfield>      <slim:subfield code="d">1974-</slim:subfield>    </slim:datafield>    <slim:datafield tag="375" ind1=" " ind2=" ">      <slim:subfield code="a">2</slim:subfield>      <slim:subfield code="2">iso5218</slim:subfield>    </slim:datafield>    <slim:datafield tag="400" ind1="1" ind2=" ">      <slim:subfield code="a">Dilcheva, Kremena</slim:subfield>      <slim:subfield code="d">1974-</slim:subfield>      <slim:subfield code="9">v:LCAuth</slim:subfield>    </slim:datafield>    <slim:datafield tag="548" ind1=" " ind2=" ">      <slim:subfield code="a">1974-</slim:subfield>      <slim:subfield code="9">4:datl</slim:subfield>      <slim:subfield code="w">r</slim:subfield>      <slim:subfield code="i">Lebensdaten</slim:subfield>    </slim:datafield>    <slim:datafield tag="550" ind1=" " ind2=" ">      <slim:subfield code="0">(DE-101)041708180</slim:subfield>      <slim:subfield code="0">(DE-588)4170818-0</slim:subfield>      <slim:subfield code="a">Musikerin</slim:subfield>      <slim:subfield code="9">4:berc</slim:subfield>      <slim:subfield code="w">r</slim:subfield>      <slim:subfield code="i">Charakteristischer Beruf</slim:subfield>    </slim:datafield>    <slim:datafield tag="510" ind1="2" ind2=" ">      <slim:subfield code="0">(DE-101)000187305</slim:subfield>      <slim:subfield code="0">(DE-588)18730-6</slim:subfield>      <slim:subfield code="a">Institutes of Religion and Health</slim:subfield>      <slim:subfield code="9">g:New York, NY</slim:subfield>      <slim:subfield code="9">4:nach</slim:subfield>      <slim:subfield code="w">r</slim:subfield>      <slim:subfield code="i">Nachfolger</slim:subfield>      <slim:subfield code="e">Nachfolger</slim:subfield>    </slim:datafield> <slim:datafield tag="550" ind1=" " ind2=" ">      <slim:subfield code="0">(DE-101)040512460</slim:subfield>      <slim:subfield code="0">(DE-588)4051246-0</slim:subfield>      <slim:subfield code="a">Sängerin</slim:subfield>      <slim:subfield code="9">4:beru</slim:subfield>      <slim:subfield code="w">r</slim:subfield>      <slim:subfield code="i">Beruf</slim:subfield>    </slim:datafield>    <slim:datafield tag="550" ind1=" " ind2=" ">      <slim:subfield code="a">i</slim:subfield>      <slim:subfield code="9">4:funk</slim:subfield>      <slim:subfield code="w">r</slim:subfield>      <slim:subfield code="i">Funktion</slim:subfield>    </slim:datafield>    <slim:datafield tag="550" ind1=" " ind2=" ">      <slim:subfield code="a">Alt</slim:subfield>      <slim:subfield code="9">4:istr</slim:subfield>      <slim:subfield code="w">r</slim:subfield>      <slim:subfield code="i">Instrument</slim:subfield>    </slim:datafield>    <slim:datafield tag="667" ind1=" " ind2=" ">      <slim:subfield code="a">DMA: Biogr.: T 2004 CD 06924</slim:subfield>    </slim:datafield>    <slim:datafield tag="670" ind1=" " ind2=" ">      <slim:subfield code="a">DMA; LCAuth; DMA: PND</slim:subfield>    </slim:datafield>    <slim:datafield tag="678" ind1=" " ind2=" ">      <slim:subfield code="b">Lebt seit 2002 in Deutschland; Bulg. Mezzosopranistin; DMA: Bulgarin, lebt ab 2002 in Deutschland</slim:subfield>    </slim:datafield>    <slim:datafield tag="913" ind1=" " ind2=" ">      <slim:subfield code="S">pnd</slim:subfield>      <slim:subfield code="i">a</slim:subfield>      <slim:subfield code="a">Dilčeva, Kremena</slim:subfield>      <slim:subfield code="0">(DE-588a)131395157</slim:subfield>    </slim:datafield>  </slim:record>
</collection>
